% This file was created with JabRef 2.6.
% Encoding: UTF8

@BOOK{Aho86,
  title = {Compilers, Principles, Techniques, and Tools},
  publisher = {Addison-Wesley},
  year = {1986},
  author = {Alfred V. Aho and Ravi Sethi and Jeffrey D. Ullman},
  isbn = {0-201-10088-6},
  keywords = {COMPILERS}
}

@comment{jabref-meta: selector_publisher:}

@comment{jabref-meta: selector_author:}

@comment{jabref-meta: selector_journal:}

@comment{jabref-meta: selector_keywords:}

